<record><leader>00000cas a2200000 a 4500</leader><controlfield tag="001">35762115</controlfield><controlfield tag="008">961018d1uuu1966caudn ne      0    0eng c</controlfield><datafield ind1=" " ind2=" " tag="010"><subfield code="a">sn 96061158 </subfield></datafield><datafield ind1=" " ind2=" " tag="040"><subfield code="a">CNK</subfield><subfield code="b">eng</subfield><subfield code="c">CNK</subfield><subfield code="d">OCLCQ</subfield><subfield code="d">CNK</subfield><subfield code="d">OCLCQ</subfield><subfield code="d">OCLCF</subfield><subfield code="d">OCLCO</subfield></datafield><datafield ind1="1" ind2=" " tag="029"><subfield code="a">AU@</subfield><subfield code="b">000012910912</subfield></datafield><datafield ind1=" " ind2=" " tag="042"><subfield code="a">pcc</subfield></datafield><datafield ind1=" " ind2=" " tag="043"><subfield code="a">n-us-ca</subfield></datafield><datafield ind1="0" ind2=" " tag="130"><subfield code="a">News-register (Centerville, Calif.)</subfield></datafield><datafield ind1="1" ind2="0" tag="245"><subfield code="a">News-register.</subfield></datafield><datafield ind1="1" ind2=" " tag="246"><subfield code="i">Published on Sundays as:</subfield><subfield code="a">Sunday news register</subfield><subfield code="f">Dec. 6, 1964-Mar. 20, 1966</subfield></datafield><datafield ind1=" " ind2=" " tag="260"><subfield code="a">Centerville, Alameda County, Calif. :</subfield><subfield code="b">George H. Oakes</subfield></datafield><datafield ind1=" " ind2=" " tag="300"><subfield code="a">v.</subfield></datafield><datafield ind1=" " ind2=" " tag="310"><subfield code="a">Daily (except Sat.),</subfield><subfield code="b">Mar. 1, 1963-Mar. 20, 1966</subfield></datafield><datafield ind1=" " ind2=" " tag="321"><subfield code="a">Weekly,</subfield><subfield code="b">&lt;Feb. 24, 1955&gt;-Aug. 29, 1962</subfield></datafield><datafield ind1=" " ind2=" " tag="321"><subfield code="a">Semiweekly,</subfield><subfield code="b">Sept. 5, 1962-Feb. 27, 1963</subfield></datafield><datafield ind1="0" ind2=" " tag="362"><subfield code="a">-v. 77, no. 66 (Mar. 20, 1966).</subfield></datafield><datafield ind1=" " ind2=" " tag="500"><subfield code="a">Published at Fremont, Calif., June 7, 1956-Mar. 20, 1966.</subfield></datafield><datafield ind1=" " ind2=" " tag="530"><subfield code="a">Master negatives are available for duplication from:</subfield><subfield code="b">California Newspaper Microfilm Archive;</subfield><subfield code="c">positive copies may be purchased by the reel; for further information consult the CNMA at:</subfield><subfield code="u">http://cbsr.ucr.edu</subfield></datafield><datafield ind1=" " ind2=" " tag="588"><subfield code="a">Description based on: Vol. 67, no. 8 (Feb. 24, 1955).</subfield></datafield><datafield ind1=" " ind2="0" tag="651"><subfield code="a">Washington (Alameda County, Calif. : Township)</subfield><subfield code="v">Newspapers.</subfield></datafield><datafield ind1=" " ind2="7" tag="655"><subfield code="a">Newspapers.</subfield><subfield code="2">fast</subfield><subfield code="0">(OCoLC)fst01423814</subfield></datafield><datafield ind1=" " ind2="7" tag="651"><subfield code="a">California</subfield><subfield code="z">Washington (Alameda County : Township)</subfield><subfield code="2">fast</subfield><subfield code="0">(OCoLC)fst01334283</subfield></datafield><datafield ind1=" " ind2=" " tag="752"><subfield code="a">United States</subfield><subfield code="b">California</subfield><subfield code="c">Alameda</subfield><subfield code="d">Fremont.</subfield></datafield><datafield ind1="0" ind2="0" tag="785"><subfield code="t">Fremont news register</subfield><subfield code="w">(DLC)sn 96061159</subfield></datafield></record>